@article{Aartsen:2016nxy,
    author = "Aartsen, M.G. and others",
    collaboration = "IceCube",
    title = "{The IceCube Neutrino Observatory: Instrumentation and Online Systems}",
    eprint = "1612.05093",
    archivePrefix = "arXiv",
    primaryClass = "astro-ph.IM",
    doi = "10.1088/1748-0221/12/03/P03012",
    journal = "JINST",
    volume = "12",
    number = "03",
    pages = "P03012",
    year = "2017"
}

@article{Aartsen:2020csc,
    author = "Aartsen, M.G. and others",
    collaboration = "IceCube",
    title = "{Characteristics of the diffuse astrophysical electron and tau neutrino flux with six years of IceCube high energy cascade data}",
    eprint = "2001.09520",
    archivePrefix = "arXiv",
    primaryClass = "astro-ph.IM",
    doi = "10.1103/PhysRevLett.125.121104",
    journal = "Phys. Rev. Lett.",
    volume = "125",
    pages = "121104",
    year = "2020"
}

@article{Aartsen:2019epb,
    author = "Aartsen, M.G. and others",
    collaboration = "IceCube",
    title = "{Search for Sources of Astrophysical Neutrinos Using Seven Years of IceCube Cascade Events}",
    eprint = "1907.06714",
    archivePrefix = "arXiv",
    primaryClass = "astro-ph.HE",
    doi = "10.3847/1538-4357/ab4ae2",
    journal = "Astrophys. J.",
    volume = "886",
    pages = "12",
    year = "2019"
}
Copy to ClipboardDownload


@article{Aartsen:2017eiu,
    author = "Aartsen, M.G. and others",
    collaboration = "IceCube",
    title = "{Search for astrophysical sources of neutrinos using cascade events in IceCube}",
    eprint = "1705.02383",
    archivePrefix = "arXiv",
    primaryClass = "astro-ph.HE",
    doi = "10.3847/1538-4357/aa8508",
    journal = "Astrophys. J.",
    volume = "846",
    number = "2",
    pages = "136",
    year = "2017"
}

@article{Aartsen:2016oji,
    author = "Aartsen, M.G. and others",
    collaboration = "IceCube",
    title = "{All-sky Search for Time-integrated Neutrino Emission from Astrophysical Sources with 7 yr of IceCube Data}",
    eprint = "1609.04981",
    archivePrefix = "arXiv",
    primaryClass = "astro-ph.HE",
    doi = "10.3847/1538-4357/835/2/151",
    journal = "Astrophys. J.",
    volume = "835",
    number = "2",
    pages = "151",
    year = "2017"
}

@phdthesis{Schatto:2014kbj,
    author = "Schatto, Kai",
    title = "{Stacked searches for high-energy neutrinos from blazars with IceCube}",
    school = "Mainz U.",
    month = "6",
    year = "2014"
}

@article{Ahrens:2003fg,
    author = "Ahrens, J. and others",
    collaboration = "AMANDA",
    title = "{Muon track reconstruction and data selection techniques in AMANDA}",
    eprint = "astro-ph/0407044",
    archivePrefix = "arXiv",
    doi = "10.1016/j.nima.2004.01.065",
    journal = "Nucl. Instrum. Meth. A",
    volume = "524",
    pages = "169--194",
    year = "2004"
}

@article{Aartsen:2018ywr,
    author = "Aartsen, M.G. and others",
    collaboration = "IceCube",
    title = "{Search for steady point-like sources in the astrophysical muon neutrino flux with 8 years of IceCube data}",
    eprint = "1811.07979",
    archivePrefix = "arXiv",
    primaryClass = "hep-ph",
    doi = "10.1140/epjc/s10052-019-6680-0",
    journal = "Eur. Phys. J. C",
    volume = "79",
    number = "3",
    pages = "234",
    year = "2019"
}

@article{IceCube:2018cha,
    author = "Aartsen, M.G. and others",
    collaboration = "IceCube",
    title = "{Neutrino emission from the direction of the blazar TXS 0506+056 prior to the IceCube-170922A alert}",
    eprint = "1807.08794",
    archivePrefix = "arXiv",
    primaryClass = "astro-ph.HE",
    doi = "10.1126/science.aat2890",
    journal = "Science",
    volume = "361",
    number = "6398",
    pages = "147--151",
    year = "2018"
}

@article{IceCube:2018dnn,
    author = "Aartsen, M.G. and others",
    collaboration = "IceCube, Fermi-LAT, MAGIC, AGILE, ASAS-SN, HAWC, H.E.S.S., INTEGRAL, Kanata, Kiso, Kapteyn, Liverpool Telescope, Subaru, Swift NuSTAR, VERITAS, VLA/17B-403",
    title = "{Multimessenger observations of a flaring blazar coincident with high-energy neutrino IceCube-170922A}",
    eprint = "1807.08816",
    archivePrefix = "arXiv",
    primaryClass = "astro-ph.HE",
    doi = "10.1126/science.aat1378",
    journal = "Science",
    volume = "361",
    number = "6398",
    pages = "eaat1378",
    year = "2018"
}

@article{Aartsen:2014gkd,
    author = "Aartsen, M.G. and others",
    collaboration = "IceCube",
    title = "{Observation of High-Energy Astrophysical Neutrinos in Three Years of IceCube Data}",
    eprint = "1405.5303",
    archivePrefix = "arXiv",
    primaryClass = "astro-ph.HE",
    doi = "10.1103/PhysRevLett.113.101101",
    journal = "Phys. Rev. Lett.",
    volume = "113",
    pages = "101101",
    year = "2014"
}
Copy to ClipboardDownload

BibTeX

@article{Aartsen:2013bka,
    author = "Aartsen, M.G. and others",
    collaboration = "IceCube",
    title = "{First observation of PeV-energy neutrinos with IceCube}",
    eprint = "1304.5356",
    archivePrefix = "arXiv",
    primaryClass = "astro-ph.HE",
    doi = "10.1103/PhysRevLett.111.021103",
    journal = "Phys. Rev. Lett.",
    volume = "111",
    pages = "021103",
    year = "2013"
}

@article{Ahlers:2018fkn,
    author = "Ahlers, Markus and Halzen, Francis",
    title = "{Opening a New Window onto the Universe with IceCube}",
    eprint = "1805.11112",
    archivePrefix = "arXiv",
    primaryClass = "astro-ph.HE",
    doi = "10.1016/j.ppnp.2018.05.001",
    journal = "Prog. Part. Nucl. Phys.",
    volume = "102",
    pages = "73--88",
    year = "2018"
}

@article{Stachurska:2019wfb,
    author = "Stachurska, Juliana",
    collaboration = "IceCube",
    title = "{First Double Cascade Tau Neutrino Candidates in IceCube and a New Measurement of the Flavor Composition}",
    eprint = "1908.05506",
    archivePrefix = "arXiv",
    primaryClass = "astro-ph.HE",
    reportNumber = "PoS-ICRC2019-1015",
    doi = "10.22323/1.358.1015",
    journal = "PoS",
    volume = "ICRC2019",
    pages = "1015",
    year = "2020"
}

@article{IceCube:2012nn,
    author = "Abbasi, R. and others",
    collaboration = "IceCube",
    title = "{IceTop: The surface component of IceCube}",
    eprint = "1207.6326",
    archivePrefix = "arXiv",
    primaryClass = "astro-ph.IM",
    doi = "10.1016/j.nima.2012.10.067",
    journal = "Nucl. Instrum. Meth. A",
    volume = "700",
    pages = "188--220",
    year = "2013"
}

@article{Aartsen:2013bfa,
    author = "Aartsen, M.G. and others",
    title = "{Improvement in Fast Particle Track Reconstruction with Robust Statistics}",
    eprint = "1308.5501",
    archivePrefix = "arXiv",
    primaryClass = "astro-ph.IM",
    doi = "10.1016/j.nima.2013.10.074",
    journal = "Nucl. Instrum. Meth. A",
    volume = "736",
    pages = "143--149",
    year = "2014"
}

@article{Finley:2019vpk,
    author = "Finley, Chad",
    editor = "Spiering, C.",
    collaboration = "IceCube",
    title = "{Neutrinos from TXS 0506+056 prior to the 2017 gamma-ray flare}",
    doi = "10.1051/epjconf/201920702002",
    journal = "EPJ Web Conf.",
    volume = "207",
    pages = "02002",
    year = "2019"
}

@article{Aartsen:2019fau,
    author = "Aartsen, M.G. and others",
    collaboration = "IceCube",
    title = "{Time-Integrated Neutrino Source Searches with 10 Years of IceCube Data}",
    eprint = "1910.08488",
    archivePrefix = "arXiv",
    primaryClass = "astro-ph.HE",
    doi = "10.1103/PhysRevLett.124.051103",
    journal = "Phys. Rev. Lett.",
    volume = "124",
    number = "5",
    pages = "051103",
    year = "2020"
}

@article{Collaboration:2011ym,
    author = "Abbasi, R. and others",
    collaboration = "IceCube",
    title = "{The Design and Performance of IceCube DeepCore}",
    eprint = "1109.6096",
    archivePrefix = "arXiv",
    primaryClass = "astro-ph.IM",
    doi = "10.1016/j.astropartphys.2012.01.004",
    journal = "Astropart. Phys.",
    volume = "35",
    pages = "615--624",
    year = "2012"
}

@article{Achterberg:2006md,
    author = "Achterberg, A. and others",
    collaboration = "IceCube",
    title = "{First Year Performance of The IceCube Neutrino Telescope}",
    eprint = "astro-ph/0604450",
    archivePrefix = "arXiv",
    doi = "10.1016/j.astropartphys.2006.06.007",
    journal = "Astropart. Phys.",
    volume = "26",
    pages = "155--173",
    year = "2006"
}

@article{Abbasi:2008aa,
    author = "Abbasi, R. and others",
    collaboration = "IceCube",
    title = "{The IceCube Data Acquisition System: Signal Capture, Digitization, and Timestamping}",
    eprint = "0810.4930",
    archivePrefix = "arXiv",
    primaryClass = "physics.ins-det",
    doi = "10.1016/j.nima.2009.01.001",
    journal = "Nucl. Instrum. Meth. A",
    volume = "601",
    pages = "294--316",
    year = "2009"
}

@article{Abbasi:2010vc,
    author = "Abbasi, R. and others",
    collaboration = "IceCube",
    title = "{Calibration and Characterization of the IceCube Photomultiplier Tube}",
    eprint = "1002.2442",
    archivePrefix = "arXiv",
    primaryClass = "astro-ph.IM",
    doi = "10.1016/j.nima.2010.03.102",
    journal = "Nucl. Instrum. Meth. A",
    volume = "618",
    pages = "139--152",
    year = "2010"
}

@article{Chirkin:2004hz,
    author = "Chirkin, Dmitry and Rhode, Wolfgang",
    title = "{Muon Monte Carlo: A High-precision tool for muon propagation through matter}",
    eprint = "hep-ph/0407075",
    archivePrefix = "arXiv",
    month = "7",
    year = "2004"
}

@article{Aartsen:2013zka,
    author = "Aartsen, M.G. and others",
    collaboration = "IceCube",
    title = "{Observation of the cosmic-ray shadow of the Moon with IceCube}",
    eprint = "1305.6811",
    archivePrefix = "arXiv",
    primaryClass = "astro-ph.HE",
    doi = "10.1103/PhysRevD.89.102004",
    journal = "Phys. Rev. D",
    volume = "89",
    number = "10",
    pages = "102004",
    year = "2014"
}

@article{Aartsen:2015dlt,
    author = "Aartsen, M.G. and others",
    collaboration = "IceCube",
    title = "{Search for Astrophysical Tau Neutrinos in Three Years of IceCube Data}",
    eprint = "1509.06212",
    archivePrefix = "arXiv",
    primaryClass = "astro-ph.HE",
    doi = "10.1103/PhysRevD.93.022001",
    journal = "Phys. Rev. D",
    volume = "93",
    number = "2",
    pages = "022001",
    year = "2016"
}

@article{Glashow:1960zz,
    author = "Glashow, Sheldon L.",
    title = "{Resonant Scattering of Antineutrinos}",
    doi = "10.1103/PhysRev.118.316",
    journal = "Phys. Rev.",
    volume = "118",
    pages = "316--317",
    year = "1960"
}

@article{Athar:2005wg,
    author = "Athar, H. and Kim, C.S. and Lee, Jake",
    title = "{The Intrinsic and oscillated astrophysical neutrino flavor ratios}",
    eprint = "hep-ph/0505017",
    archivePrefix = "arXiv",
    doi = "10.1142/S021773230602038X",
    journal = "Mod. Phys. Lett. A",
    volume = "21",
    pages = "1049--1066",
    year = "2006"
}

@article{Aartsen:2014cva,
    author = "Aartsen, M.G. and others",
    collaboration = "IceCube",
    title = "{Searches for Extended and Point-like Neutrino Sources with Four Years of IceCube Data}",
    eprint = "1406.6757",
    archivePrefix = "arXiv",
    primaryClass = "astro-ph.HE",
    doi = "10.1088/0004-637X/796/2/109",
    journal = "Astrophys. J.",
    volume = "796",
    number = "2",
    pages = "109",
    year = "2014"
}

@article{Adrian-Martinez:2014wzf,
    author = "Adrian-Martinez, S. and others",
    collaboration = "ANTARES",
    title = "{Searches for Point-like and extended neutrino sources close to the Galactic Centre using the ANTARES neutrino Telescope}",
    eprint = "1402.6182",
    archivePrefix = "arXiv",
    primaryClass = "hep-ex",
    doi = "10.1088/2041-8205/786/1/L5",
    journal = "Astrophys. J. Lett.",
    volume = "786",
    pages = "L5",
    year = "2014"
}

@article{Schonert:2008is,
    author = "Schonert, Stefan and Gaisser, Thomas K. and Resconi, Elisa and Schulz, Olaf",
    title = "{Vetoing atmospheric neutrinos in a high energy neutrino telescope}",
    eprint = "0812.4308",
    archivePrefix = "arXiv",
    primaryClass = "astro-ph",
    doi = "10.1103/PhysRevD.79.043009",
    journal = "Phys. Rev. D",
    volume = "79",
    pages = "043009",
    year = "2009"
}

@article{Gaisser:2014bja,
    author = "Gaisser, Thomas K. and Jero, Kyle and Karle, Albrecht and van Santen, Jakob",
    title = "{Generalized self-veto probability for atmospheric neutrinos}",
    eprint = "1405.0525",
    archivePrefix = "arXiv",
    primaryClass = "astro-ph.HE",
    doi = "10.1103/PhysRevD.90.023009",
    journal = "Phys. Rev. D",
    volume = "90",
    number = "2",
    pages = "023009",
    year = "2014"
}

@article{Honda:2006qj,
    author = "Honda, Morihiro and Kajita, T. and Kasahara, K. and Midorikawa, S. and Sanuki, T.",
    title = "{Calculation of atmospheric neutrino flux using the interaction model calibrated with atmospheric muon data}",
    eprint = "astro-ph/0611418",
    archivePrefix = "arXiv",
    doi = "10.1103/PhysRevD.75.043006",
    journal = "Phys. Rev. D",
    volume = "75",
    pages = "043006",
    year = "2007"
}

@article{Aartsen:2013uuv,
    author = "Aartsen, M.G. and others",
    collaboration = "IceCube",
    title = "{Search for Time-independent Neutrino Emission from Astrophysical Sources with 3 yr of IceCube Data}",
    eprint = "1307.6669",
    archivePrefix = "arXiv",
    primaryClass = "astro-ph.HE",
    doi = "10.1088/0004-637X/779/2/132",
    journal = "Astrophys. J.",
    volume = "779",
    pages = "132",
    year = "2013"
}

@article{Aartsen:2016xlq,
    author = "Aartsen, M.G. and others",
    collaboration = "IceCube",
    title = "{Observation and Characterization of a Cosmic Muon Neutrino Flux from the Northern Hemisphere using six years of IceCube data}",
    eprint = "1607.08006",
    archivePrefix = "arXiv",
    primaryClass = "astro-ph.HE",
    doi = "10.3847/0004-637X/833/1/3",
    journal = "Astrophys. J.",
    volume = "833",
    number = "1",
    pages = "3",
    year = "2016"
}

@article{Aartsen:2016tpb,
    author = "Aartsen, M.G. and others",
    collaboration = "IceCube",
    title = "{Lowering IceCube's Energy Threshold for Point Source Searches in the Southern Sky}",
    eprint = "1605.00163",
    archivePrefix = "arXiv",
    primaryClass = "astro-ph.HE",
    doi = "10.3847/2041-8205/824/2/L28",
    journal = "Astrophys. J. Lett.",
    volume = "824",
    number = "2",
    pages = "L28",
    year = "2016"
}

@article{Aartsen:2015rwa,
    author = "Aartsen, M.G. and others",
    collaboration = "IceCube",
    title = "{Evidence for Astrophysical Muon Neutrinos from the Northern Sky with IceCube}",
    eprint = "1507.04005",
    archivePrefix = "arXiv",
    primaryClass = "astro-ph.HE",
    doi = "10.1103/PhysRevLett.115.081102",
    journal = "Phys. Rev. Lett.",
    volume = "115",
    number = "8",
    pages = "081102",
    year = "2015"
}

@article{Aartsen:2014muf,
    author = "Aartsen, M.G. and others",
    collaboration = "IceCube",
    title = "{Atmospheric and astrophysical neutrinos above 1 TeV interacting in IceCube}",
    eprint = "1410.1749",
    archivePrefix = "arXiv",
    primaryClass = "astro-ph.HE",
    doi = "10.1103/PhysRevD.91.022001",
    journal = "Phys. Rev. D",
    volume = "91",
    number = "2",
    pages = "022001",
    year = "2015"
}

@article{Aartsen:2013jdh,
    author = "Aartsen, M.G. and others",
    collaboration = "IceCube",
    title = "{Evidence for High-Energy Extraterrestrial Neutrinos at the IceCube Detector}",
    eprint = "1311.5238",
    archivePrefix = "arXiv",
    primaryClass = "astro-ph.HE",
    doi = "10.1126/science.1242856",
    journal = "Science",
    volume = "342",
    pages = "1242856",
    year = "2013"
}

@article{Abbasi:2010rd,
    author = "Abbasi, R. and others",
    collaboration = "IceCube",
    title = "{Time-Integrated Searches for Point-like Sources of Neutrinos with the 40-String IceCube Detector}",
    eprint = "1012.2137",
    archivePrefix = "arXiv",
    primaryClass = "astro-ph.HE",
    doi = "10.1088/0004-637X/732/1/18",
    journal = "Astrophys. J.",
    volume = "732",
    pages = "18",
    year = "2011"
}

@article{AyalaSolares:2020ing,
    author = "Ayala Solares, H.A. and others",
    collaboration = "AMON Team, HAWC, IceCube",
    title = "{Multimessenger Gamma-Ray and Neutrino Coincidence Alerts using HAWC and IceCube sub-threshold Data}",
    eprint = "2008.10616",
    archivePrefix = "arXiv",
    primaryClass = "astro-ph.HE",
    month = "8",
    year = "2020"
}

@article{Kheirandish:2019bke,
    author = "Kheirandish, Ali and Wood, Joshua",
    collaboration = "IceCube, HAWC",
    title = "{IceCube Search for Galactic Neutrino Sources based on HAWC Observations of the Galactic Plane}",
    eprint = "1908.08546",
    archivePrefix = "arXiv",
    primaryClass = "astro-ph.HE",
    reportNumber = "PoS-ICRC2019-932",
    doi = "10.22323/1.358.0932",
    journal = "PoS",
    volume = "ICRC2019",
    pages = "932",
    year = "2020"
}

@article{Bradascio:2019xdd,
    author = "Bradascio, Federica",
    collaboration = "IceCube",
    title = "{Search for high-energy neutrinos from AGN cores}",
    eprint = "1908.05170",
    archivePrefix = "arXiv",
    primaryClass = "astro-ph.HE",
    reportNumber = "PoS-ICRC2019-845",
    doi = "10.22323/1.358.0845",
    journal = "PoS",
    volume = "ICRC2019",
    pages = "845",
    year = "2020"
}

@article{Abbasi:2011ke,
    author = "Abbasi, R. and others",
    collaboration = "IceCube",
    title = "{Searches for periodic neutrino emission from binary systems with 22 and 40 strings of IceCube}",
    eprint = "1108.3023",
    archivePrefix = "arXiv",
    primaryClass = "astro-ph.HE",
    doi = "10.1088/0004-637X/748/2/118",
    journal = "Astrophys. J.",
    volume = "748",
    pages = "118",
    year = "2012"
}

@article{Albert:2018vxw,
    author = "Albert, A. and others",
    collaboration = "ANTARES, IceCube",
    title = "{Joint Constraints on Galactic Diffuse Neutrino Emission from the ANTARES and IceCube Neutrino Telescopes}",
    eprint = "1808.03531",
    archivePrefix = "arXiv",
    primaryClass = "astro-ph.HE",
    doi = "10.3847/2041-8213/aaeecf",
    journal = "Astrophys. J. Lett.",
    volume = "868",
    number = "2",
    pages = "L20",
    year = "2018"
}

@article{Abbasi:2012zw,
    author = "Abbasi, R. and others",
    collaboration = "IceCube",
    title = "{An absence of neutrinos associated with cosmic-ray acceleration in $\gamma$-ray bursts}",
    eprint = "1204.4219",
    archivePrefix = "arXiv",
    primaryClass = "astro-ph.HE",
    doi = "10.1038/nature11068",
    journal = "Nature",
    volume = "484",
    pages = "351--353",
    year = "2012"
}

@article{Aartsen:2014aqy,
    author = "Aartsen, M.G. and others",
    collaboration = "IceCube",
    title = "{Search for Prompt Neutrino Emission from Gamma-Ray Bursts with IceCube}",
    eprint = "1412.6510",
    archivePrefix = "arXiv",
    primaryClass = "astro-ph.HE",
    doi = "10.1088/2041-8205/805/1/L5",
    journal = "Astrophys. J. Lett.",
    volume = "805",
    number = "1",
    pages = "L5",
    year = "2015"
}

@article{Aartsen:2016qcr,
    author = "Aartsen, M.G. and others",
    collaboration = "IceCube",
    title = "{An All-Sky Search for Three Flavors of Neutrinos from Gamma-Ray Bursts with the IceCube Neutrino Observatory}",
    eprint = "1601.06484",
    archivePrefix = "arXiv",
    primaryClass = "astro-ph.HE",
    doi = "10.3847/0004-637X/824/2/115",
    journal = "Astrophys. J.",
    volume = "824",
    number = "2",
    pages = "115",
    year = "2016"
}

@article{Aartsen:2017wea,
    author = "Aartsen, M.G. and others",
    collaboration = "IceCube",
    title = "{Extending the search for muon neutrinos coincident with gamma-ray bursts in IceCube data}",
    eprint = "1702.06868",
    archivePrefix = "arXiv",
    primaryClass = "astro-ph.HE",
    doi = "10.3847/1538-4357/aa7569",
    journal = "Astrophys. J.",
    volume = "843",
    number = "2",
    pages = "112",
    year = "2017"
}

@article{Aartsen:2016lir,
    author = "Aartsen, M.G. and others",
    collaboration = "IceCube",
    title = "{The contribution of Fermi-2LAC blazars to the diffuse TeV-PeV neutrino flux}",
    eprint = "1611.03874",
    archivePrefix = "arXiv",
    primaryClass = "astro-ph.HE",
    doi = "10.3847/1538-4357/835/1/45",
    journal = "Astrophys. J.",
    volume = "835",
    number = "1",
    pages = "45",
    year = "2017"
}

@article{Abbasi:2011ja,
    author = "Abbasi, R. and others",
    collaboration = "IceCube, ROTSE",
    title = "{Searching for soft relativistic jets in Core-collapse Supernovae with the IceCube Optical Follow-up Program}",
    eprint = "1111.7030",
    archivePrefix = "arXiv",
    primaryClass = "astro-ph.HE",
    doi = "10.1051/0004-6361/201118071",
    journal = "Astron. Astrophys.",
    volume = "539",
    pages = "A60",
    year = "2012"
}

@article{Aartsen:2015trq,
    author = "Aartsen, M.G. and others",
    collaboration = "IceCube, PTF, Swift, Pan-STARRS1 Science Consortium",
    title = "{The Detection of a SN IIn in Optical Follow-up Observations of IceCube Neutrino Events}",
    eprint = "1506.03115",
    archivePrefix = "arXiv",
    primaryClass = "astro-ph.HE",
    doi = "10.1088/0004-637X/811/1/52",
    journal = "Astrophys. J.",
    volume = "811",
    number = "1",
    pages = "52",
    year = "2015"
}

@article{Aartsen:2016lmt,
    author = "Aartsen, M.G. and others",
    collaboration = "IceCube",
    title = "{The IceCube Realtime Alert System}",
    eprint = "1612.06028",
    archivePrefix = "arXiv",
    primaryClass = "astro-ph.HE",
    doi = "10.1016/j.astropartphys.2017.05.002",
    journal = "Astropart. Phys.",
    volume = "92",
    pages = "30--41",
    year = "2017"
}

@article{Adrian-Martinez:2016xgn,
    author = "Adrian-Martinez, S. and others",
    collaboration = "ANTARES, IceCube, LIGO Scientific, Virgo",
    title = "{High-energy Neutrino follow-up search of Gravitational Wave Event GW150914 with ANTARES and IceCube}",
    eprint = "1602.05411",
    archivePrefix = "arXiv",
    primaryClass = "astro-ph.HE",
    doi = "10.1103/PhysRevD.93.122010",
    journal = "Phys. Rev. D",
    volume = "93",
    number = "12",
    pages = "122010",
    year = "2016"
}

@article{ANTARES:2017iky,
    author = "Albert, A. and others",
    collaboration = "ANTARES, IceCube, LIGO Scientific, Virgo",
    title = "{Search for High-energy Neutrinos from Gravitational Wave Event GW151226 and Candidate LVT151012 with ANTARES and IceCube}",
    eprint = "1703.06298",
    archivePrefix = "arXiv",
    primaryClass = "astro-ph.HE",
    doi = "10.1103/PhysRevD.96.022005",
    journal = "Phys. Rev. D",
    volume = "96",
    number = "2",
    pages = "022005",
    year = "2017"
}

@article{Aartsen:2020mla,
    author = "Aartsen, M.G. and others",
    collaboration = "IceCube",
    title = "{IceCube Search for Neutrinos Coincident with Compact Binary Mergers from LIGO-Virgo\textquoterights First Gravitational-wave Transient Catalog}",
    eprint = "2004.02910",
    archivePrefix = "arXiv",
    primaryClass = "astro-ph.HE",
    doi = "10.3847/2041-8213/ab9d24",
    journal = "Astrophys. J. Lett.",
    volume = "898",
    number = "1",
    pages = "L10",
    year = "2020"
}

@article{Aartsen:2017zvw,
    author = "Aartsen, M.G. and others",
    collaboration = "IceCube",
    title = "{A Search for Neutrino Emission from Fast Radio Bursts with Six Years of IceCube Data}",
    eprint = "1712.06277",
    archivePrefix = "arXiv",
    primaryClass = "astro-ph.HE",
    doi = "10.3847/1538-4357/aab4f8",
    journal = "Astrophys. J.",
    volume = "857",
    number = "2",
    pages = "117",
    year = "2018"
}

@article{Aartsen:2019xkn,
    author = "Aartsen, M.G. and others",
    collaboration = "IceCube",
    title = "{Constraints on Neutrino Emission from Nearby Galaxies Using the 2MASS Redshift Survey and IceCube}",
    eprint = "1911.11809",
    archivePrefix = "arXiv",
    primaryClass = "astro-ph.HE",
    doi = "10.1088/1475-7516/2020/07/042",
    journal = "JCAP",
    volume = "07",
    pages = "042",
    year = "2020"
}

@article{Aartsen:2020eof,
    author = "Aartsen, M.G. and others",
    title = "{IceCube Search for High-Energy Neutrino Emission from TeV Pulsar Wind Nebulae}",
    eprint = "2003.12071",
    archivePrefix = "arXiv",
    primaryClass = "astro-ph.HE",
    doi = "10.3847/1538-4357/ab9fa0",
    journal = "Astrophys. J.",
    volume = "898",
    number = "2",
    pages = "117",
    year = "2020"
}

@article{Aartsen:2014erec,
    author = "Aartsen, M.G. and others",
    collaboration = "IceCube",
    title = "{Energy reconstruction methods in the IceCube neutrino telescope}",
    eprint = "1311.4767",
    archivePrefix = "arXiv",
    primaryClass = "astro-ph.HE",
    doi = "10.1088/1748-0221/9/03/p03009",
    journal = "JINST",
    volume = "9",
    number = "3",
    pages = "P03009",
    year = "2014"
}

@article{Ahrens:2004direc,
    author = "Ahrens, J. and others",
    collaboration = "AMANDA",
    title = "{Muon track reconstruction and data selection techniques in AMANDA}",
    eprint = "astro-ph/0407044",
    archivePrefix = "arXiv",
    primaryClass = "astro-ph.HE",
    doi = "10.1016/j.nima.2004.01.065",
    journal = "Nucl. Instrum. Meth.",
    volume = "A524",
    pages = "169-149",
    year = "2004"
}

@unpublished{IceCube:2018,
    author = "Aartsen, M.G. and others",
    collaboration = "IceCube",
    title = "All-sky point-source IceCube data: years 2010-2012",
    doi = "DOI:10.21234/B4F04V",
    note = "\href{https://icecube.wisc.edu/science/data/PS-3years}{All-sky point-source IceCube data: years 2010-2012}, doi: \url{DOI:10.21234/B4F04V}. Data Release",
    year = "2018"
}

@unpublished{IceCube:2019pst,
    author = "Aartsen, M.G. and others",
    collaboration = "IceCube",
    title = "Bayesian posterior for IceCube 7-year point-source search with neutrino-count statistics",
    doi = "DOI:10.21234/dtrs-e557",
    note = "\href{https://icecube.wisc.edu/science/data/NPTF_7yr_posterior}{Bayesian posterior for IceCube 7-year point-source search with neutrino-count statistics}, doi: \url{DOI:10.21234/dtrs-e557}. Data Release",
    year = "2019"
}

@unpublished{IceCube:2019,
    author = "Aartsen, M.G. and others",
    collaboration = "IceCube",
    title = "All-sky search for point sources with seven years of IceCube data. IceCube Neutrino Observatory",
    doi = "DOI:10.21234/exm3-tm26",
    note = "\href{https://icecube.wisc.edu/science/data/7yrPS}{All-sky point-source IceCube data: years 2012-2015}, doi: \url{DOI:10.21234/exm3-tm26}. Data Release",
    year = "2019"
}

@unpublished{IceCube:TXS2018,
    author = "Aartsen, M.G. and others",
    collaboration = "IceCube",
    title = "IceCube data from 2008 to 2017 related to analysis of TXS 0506+056",
    doi = "DOI:10.21234/B4QG92",
    note = "\href{https://icecube.wisc.edu/science/data/TXS0506_point_source}{IceCube data from 2008 to 2017 related to analysis of TXS 0506+056}, doi: \url{DOI:10.21234/B4QG92}. Data Release",
    year = "2018"
}

@unpublished{IceCube:Alerts2018,
    author = "Aartsen, M.G. and others",
    collaboration = "IceCube",
    title = "IceCube catalog of alert events up through Icecube-170922A",
    doi = "DOI:10.21234/B4KS6S",
    note = "\href{https://icecube.wisc.edu/science/data/TXS0506_alerts}{IceCube catalog of alert events up through Icecube-170922A}, doi: \url{DOI:10.21234/B4KS6S}. Data Release",
    year = "2018"
}

@unpublished{IceCube:2016ps1,
    author = "Aartsen, M.G. and others",
    collaboration = "IceCube",
    title = "Search for point sources with first year of IC86 data",
    note = "\href{https://icecube.wisc.edu/science/data/PS-IC86-2011}{Search for point sources with first year of IC86 data}, doi: \url{DOI:10.21234/B4159R}. Data Release",
    doi = "DOI:10.21234/B4159R",
    year = "2016"
}

@unpublished{IceCube:2015hese4,
    author = "Aartsen, M.G. and others",
    collaboration = "IceCube",
    title = "Observation of Astrophysical Neutrinos in FourYears of IceCube Data",
    note = "\href{https://icecube.wisc.edu/science/data/HE-nu-2010-2014}{Observation of Astrophysical Neutrinos in FourYears of IceCube Data}. Data Release",
    year = "2015"
}

@unpublished{IceCube:2015numu,
    author = "Aartsen, M.G. and others",
    collaboration = "IceCube",
    title = "Astrophysical muon neutrino flux in the northern sky with 2 years of IceCube data ",
    note = "\href{https://icecube.wisc.edu/science/data/HE_NuMu_diffuse}{Astrophysical muon neutrino flux in the northern sky with 2 years of IceCube data}. Data Release",
    year = "2015"
}

@unpublished{IceCube:2013hese,
    author = "Aartsen, M.G. and others",
    collaboration = "IceCube",
    title = "Search for contained neutrino events at energies above 30 TeV in 2 years of data",
    note = "\href{https://icecube.wisc.edu/science/data/HE-nu-2010-2012}Search for contained neutrino events at energies above 30 TeV in 2 years of data}. Data Release",
    year = "2013"
}

@unpublished{IC59data,
    author = "Aartsen, M.G. and others",
    collaboration = "IceCube",
    title = "IceCube-59: Search for point sources using muon events",
    note = "\href{https://icecube.wisc.edu/science/data/IC59-point-source}{IceCube-59: Search for point sources using muon events}. Data Release",
    year = "2015"
}

@unpublished{IC40data,
    author = "Abbasi, R. and others",
    collaboration = "IceCube",
    title = "IceCube-40 String Data",
    note = "\href{https://icecube.wisc.edu/science/data/ic40}{IceCube-40 String Data}. Data Release",
    year = "2011"
}

@unpublished{data:IC40IC86VII,
    author = "Aartsen, M.G. and others",
    collaboration = "IceCube",
    title = "IceCube-40 String Data",
    note = "\href{https://icecube.wisc.edu/science/data/PS-IC40-IC86_VII}{IC40-IC86 VII Point Source Public Data Release}. Data Release",
    year = "2020"
}


@article{Neunhoeffer:2006,
   title={Estimating the angular resolution of tracks in neutrino telescopes based on a likelihood analysis},
   volume={25},
   ISSN={0927-6505},
   url={http://dx.doi.org/10.1016/j.astropartphys.2006.01.002},
   DOI={10.1016/j.astropartphys.2006.01.002},
   number={3},
   journal={Astroparticle Physics},
   publisher={Elsevier BV},
   author={Neunhöffer, Till},
   year={2006},
   month={Apr},
   pages={220–225}
}

@phdthesis{Lunemann:2013oya,
    author = {L\"unemann, Jan},
    title = "{Suche nach Dunkler Materie in Galaxien und Galaxienhaufen mit dem Neutrinoteleskop IceCube}",
    school = "Mainz U., Inst. Phys.",
    year = "2013"
}